@article{chen:medioni,
  author={Yang Chen and Gérard Medioni},
  title={Object modelling by registration of multiple range images},
  year={1992},
  month={April},
  publisher={Elsevier B.V.},
  pages={145-155},
  journal={Image and Vision Computing},
  volume={10}
}

@article{besl:mckey,
  author={Paul J. Besl and Neil D. McKay},
  title={A method for registration of 3-D shapes},
  year={1992},
  month={February},
  publisher={IEEE},
  pages={239-256},
  journal={IEEE Transactions on Pattern Analysis and Machine Intelligence},
  volume={14}
}

@article{radiotherapy,
  author={Gerald Krell and Nazila Saeid Nezhad and Mathias Walke and Ayoub Al-Hamadi and Günther Gademann},
  title={Assessment of Iterative Closest Point Registration Accuracy for Different Phantom Surfaces Captured by an Optical 3D Sensor in Radiotherapy},
  year={2017},
  month={January},
  journal={Computational and Mathematical Methods in Medicine},
  volume={13}
}

@article{infractructure,
  author={Roberto Marani and Vito Reno and Massimiliano Nitti and Tiziana D’Orazio and Ettore Stella},
  title={A Modified Iterative Closest Point Algorithm for 3D Point Cloud Registration},
  year={2016},
  journal={Computer-Aided Civil and Infrastructure Engineering},
  pages={515-534}
}

@article{Hao:Li,
  author={Hao Li and Bart Adams and Leonidas J. Guibas and Mark Pauly},
  title={Robust Single-View Geometry and Motion Reconstruction},
  year={2009},
  journal={ACM TRANSACTIONS ON ON GRAPHICS},
  pages={175},
  publisher={Association for Computing Machinery},
  volume={28}
}

@book{hudson:least-squares,
  title={Статистика для физиков: лекции по теории вероятностей и элементарной статистике},
  author={Hudson, D.J. and Грушин, В.Ф. and Лейкин, Е.М.},
  year={1967},
  publisher={Мир}
}

@article{icp,
  author = {Zhang, Zhengyou},
  title = {Iterative point matching for registration of free-form curves and surfaces},
  year = {1994},
  month = {October},
  publisher = {Kluwer Academic Publishers},
  pages = {119-152},
  journal = {International journal of computer vision},
  volume = {13},
  chapter = {2}
}

@book{trace:fukugana,
  title={Introduction to Statistical Pattern Recognition},
  author={Fukunaga, K.},
  isbn={9780080478654},
  lccn={89018195},
  series={Computer science and scientific computing},
  year={2013},
  publisher={Elsevier Science}
}

@book{golub:svd,
  title={Matrix Computations},
  author={Golub, Gene H. and Van Loan, Charles F.},
  year={1996},
  publisher={The Johns Hopkins University Press},
  edition={Third}
}

@book{rankAB,
  title={Курс алгебры},
  author={Винберг, Э.},
  isbn={9785457718852},
  year={2017},
  publisher={ЛитРес}
}

@book{faddeev:rank:det,
  title={Лекции по алгебре},
  author={Фаддеев, Д.К.},
  lccn={85137379},
  year={1984},
  publisher={"Наука," Глав. ред. физико-математической лит-ры}
}

@article{svd,
  author = {Olga Sorkine-Hornung and Michael Rabinovich},
  title = {Least-Squares Rigid Motion Using SVD},
  year = {2017},
  month = {January},
  institution = {ETH Zurich, Department of Computer Science},
  note = {Technical note}
}

@article{horn:diagonal:rotation,
  author = {Alfred Horn},
  title = {Doubly Stochastic Matrices and the Diagonal of a Rotation Matrix},
  year = {1954},
  month = {July},
  publisher = {The Johns Hopkins University Press},
  pages = {620-630},
  journal = {American Journal of Mathematics},
  volume = {76}
}

@article {nicp,
  address={ETH Zurich},
  author={Hao Li and Robert W. Sumner and Mark Pauly},
  title={Global Correspondence Optimization for Non-Rigid Registration of Depth Scans},
  journal={Computer Graphics Forum (Proc. SGP'08)},
  volume={27},
  number={5},
  year={2008},
  month={July},
  location={Copenhagen, Denmark},
  publisher={Eurographics Association},
  paddress={Aire-la-Ville, Switzerland, Switzerland}
}

@book{geometry,
  title={Multiple View Geometry in Computer Vision},
  author={Hartley, R. and Zisserman, A.},
  isbn={9781139449144},
  year={2004},
  publisher={Cambridge University Press}
}

@book{crownover,
  title={Introduction to fractals and chaos},
  author={Crownover, R.M.},
  isbn={9780867204643},
  lccn={94034458},
  series={Jones and Bartlett books in mathematics},
  year={1995},
  publisher={Jones and Bartlett}
}

@book{DorogovtsevMA,
    author = {А. Я. Дороговцев},
    title = {Математический анализ. Краткий курс в современном изложении},
    address = {Киев},
    publisher = {Факт},
    year = {2004},
    numpages = {560},
    language = {russian}
}

@book{voyevodin,
  title={Линейная алгебра},
  author={Воеводин, В.В.},
  year={1974},
  publisher={Издательство "Наукa", Главная редакция физико-математической литературы}
}

@book{jacobians,
  title={Jacobians of Matrix Transformations and Functions of Matrix Argument},
  author={Mathai, A.M.},
  isbn={9789810230951},
  lccn={97003779},
  year={1997},
  publisher={World Scientific Pub.}
}

@misc{bunny,
  author={Stanford University Computer Graphics Laboratory},
  title={The Stanford 3D Scanning Repository [Electronic resource]},
  howpublished="Access mode: \url{http://graphics.stanford.edu/data/3Dscanrep/}"
}
